@book{sakai1972computer,
  title={Computer analysis and classification of photographs of human faces},
  author={Sakai, Toshiyuki and Nagao, Makoto and Kanade, Takeo},
  year={1972},
  publisher={Kyoto University}
}

@article{hjelmaas2001face,
	title={Face detection: A survey},
	author={Hjelm{\aa}s, Erik and Low, Boon Kee},
	journal={Computer vision and image understanding},
	volume={83},
	number={3},
	pages={236--274},
	year={2001},
	publisher={Elsevier}
}

@inproceedings{yow1996probabilistic,
	title={A probabilistic framework for perceptual grouping of features for human face detection},
	author={Yow, Kin Choong and Cipolla, Roberto},
	booktitle={Automatic Face and Gesture Recognition, 1996., Proceedings of the Second International Conference on},
	pages={16--21},
	year={1996},
	organization={IEEE}
}
@article{yow1997feature,
	title={Feature-based human face detection},
	author={Yow, Kin Choong and Cipolla, Roberto},
	journal={Image and vision computing},
	volume={15},
	number={9},
	pages={713--735},
	year={1997},
	publisher={Elsevier}
}

@article{valentin1994connectionist,
	title={Connectionist models of face processing: A survey},
	author={Valentin, Dominique and Abdi, Herv{\'e} and O'Toole, Alice J and Cottrell, Garrison W},
	journal={Pattern recognition},
	volume={27},
	number={9},
	pages={1209--1230},
	year={1994},
	publisher={Elsevier}
}

@article{yang1994human,
	title={Human face detection in a complex background},
	author={Yang, Guangzheng and Huang, Thomas S},
	journal={Pattern recognition},
	volume={27},
	number={1},
	pages={53--63},
	year={1994},
	publisher={Elsevier}
}

@misc{zhang2010survey,
	title={A survey of recent advances in face detection},
	author={Zhang, Cha and Zhang, Zhengyou},
	year={2010},
	publisher={Tech. rep., Microsoft Research}
}

@inproceedings{demirel1996adaptive,
	title={Adaptive automatic facial feature segmentation},
	author={Demirel, Hasan and Clarke, Thomas J and Cheung, Peter YK},
	booktitle={Automatic Face and Gesture Recognition, 1996., Proceedings of the Second International Conference on},
	pages={277--282},
	year={1996},
	organization={IEEE}
}

@article{kim2010face,
	title={Face detection},
	author={Kim, Inseong and Shim, Joon Hyung and Yang, Jinkyu},
	journal={Computer and Information Science},
	volume={3},
	number={6},
	pages={71--90},
	year={2010}
}

@article{yang2002detecting,
	title={Detecting faces in images: A survey},
	author={Yang, Ming-Hsuan and Kriegman, David J and Ahuja, Narendra},
	journal={IEEE Transactions on pattern analysis and machine intelligence},
	volume={24},
	number={1},
	pages={34--58},
	year={2002},
	publisher={IEEE}
}